<?xml version="1.0" encoding="UTF-8"?><collection xmlns="http://www.loc.gov/MARC21/slim"><record><leader>00495nam--2200181-u-4500</leader><controlfield tag="001">000056109</controlfield><controlfield tag="002">20161230</controlfield><controlfield tag="005">20161230201052</controlfield><controlfield tag="008">141210s1000------------r-----000-0-eng-d</controlfield><datafield ind1=" " ind2=" " tag="040"><subfield code="a">IFIN-HH</subfield></datafield><datafield ind1=" " ind2=" " tag="080"><subfield code="a">523.9</subfield></datafield><datafield ind1="1" ind2=" " tag="100"><subfield code="a">Gamow, George</subfield></datafield><datafield ind1="1" ind2="0" tag="245"><subfield code="a">The birth and death of the sun</subfield><subfield code="b">Stellar evolution and subatomic energy</subfield><subfield code="c">George gamow</subfield></datafield><datafield ind1=" " ind2=" " tag="260"><subfield code="a">New York</subfield><subfield code="b">New American Library</subfield><subfield code="c">1960</subfield></datafield><datafield ind1=" " ind2=" " tag="300"><subfield code="a">219P</subfield></datafield><datafield ind1=" " ind2=" " tag="490"><subfield code="a">A Mentor Book</subfield></datafield><datafield ind1=" " ind2=" " tag="852"><subfield code="a">79910</subfield><subfield code="c">523</subfield></datafield><datafield ind1=" " ind2=" " tag="CAT"><subfield code="a">Sys</subfield><subfield code="c">20141210</subfield><subfield code="h">134232</subfield></datafield></record></collection>